@BOOK{Funk1962,
	AUTHOR = {Funk, Gernot},
	YEAR = {1962},
	TITLE = {Der Kurzschluss im Drehstromnetz - },
	EDITION = {},
	ISBN = {},
	PUBLISHER = {R. Oldenbourg},
	ADDRESS = {München},
}

@BOOK{Walter1938,
	AUTHOR = {Walter, Michael},
	YEAR = {1938},
	TITLE = {Kurzschlußströme in Drehstromnetzen - Berechnung u. Begrenzung},
	EDITION = {},
	ISBN = {},
	PUBLISHER = {Oldenbourg},
	ADDRESS = {Deutschland},
}

@BOOK{Roeper1964,
	AUTHOR = {Roeper, Richard},
	YEAR = {1964},
	TITLE = {Kurzschlußströme in Drehstromnetzen - },
	EDITION = {},
	ISBN = {},
	PUBLISHER = {Siemens-AG},
	ADDRESS = {},
}

@BOOK{Oeding2011,
	AUTHOR = {Oeding, Dietrich AND Oswald, Bernd Rüdiger},
	YEAR = {2004},
	TITLE = {Elektrische Kraftwerke und Netze - },
	EDITION = {},
	ISBN = {978-3-642-19245-6},
	PUBLISHER = {Springer-Verlag},
	ADDRESS = {Berlin Heidelberg New York},
}

@BOOK{Pistora2013,
	AUTHOR = {Pistora, Gunter},
	YEAR = {2013},
	TITLE = {Berechnung von Kurzschlussströmen und Spannungsfällen - Überstrom-Schutzeinrichtungen, Selektivität, Schutz bei Kurzschluss, Berechnungen für die Praxis mit CALCKUS},
	EDITION = {3. komplett überarbeitete Auflage},
	ISBN = {978-3-800-73136-7},
	PUBLISHER = {VDE-Verlag},
	ADDRESS = {Berlin},
}

@BOOK{Schlabbach2003,
	AUTHOR = {Schlabbach, Jürgen AND Cichowski, Rolf Rüdiger},
	YEAR = {2003},
	TITLE = {Kurzschlussstromberechnung},
	ISBN = {978-3-800-73567-9},
	PUBLISHER = {Vde Verlag GmbH},
	ADDRESS = {Berlin, Offenbach},
}

@BOOK{Schlabbach2002,
	AUTHOR = {Schlabbach, Jürgen AND Cichowski, Rolf Rüdiger},
	YEAR = {2002},
	TITLE = {Sternpunktbehandlung - },
	EDITION = {Neuerscheinung},
	ISBN = {978-3-800-72705-6},
	PUBLISHER = {VDE-Verlag},
	ADDRESS = {Berlin},
}

@BOOK{Binder2012,
	AUTHOR = {Binder, Andreas},
	YEAR = {2012},
	TITLE = {Elektrische Maschinen und Antriebe - Grundlagen, Betriebsverhalten},
	EDITION = {1. Aufl.},
	ISBN = {978-3-540-71850-5},
	PUBLISHER = {Springer-Verlag},
	ADDRESS = {Berlin Heidelberg New York},
}

@BOOK{Heuck2007,
	AUTHOR = {Heuck, Klaus AND Dettmann, Klaus-Dieter AND Schulz, Detlef},
	YEAR = {2007},
	TITLE = {Elektrische Energieversorgung - Erzeugung, Übertragung und Verteilung elektrischer Energie für Studium und Praxis},
	EDITION = {7. Aufl.},
	ISBN = {978-3-8348-02170},
	PUBLISHER = {Vieweg-Verlag},
	ADDRESS = {Berlin Heidelberg New York},
}

@misc{wams-swissgrid,
	title = "Wide Area Monitoring im UCTE-Netz - Überwachung der Netzdynamik im europäischen
Verbundnetz",
	howpublished = "\url{http://www.vde.com/de/fg/ETG/Exklusiv-Mitglieder/Netzregelung2008/Documents/05_Sattinger.pdf}",
	note = "[Online; abgerufen am 22.08.2016]"

}

@BOOK{Nelles2009,
	AUTHOR = {Nelles, Dieter},
	YEAR = {2009},
	TITLE = {Netzdynamik - Elektromechanische Ausgleichsvorgänge in elektrischen Energieversorgungsnetzen},
	EDITION = {Neuerscheinung},
	ISBN = {978-3-800-73016-2},
	PUBLISHER = {VDE-Verlag},
	ADDRESS = {Berlin},
}

@BOOK{Ziegler2008,
	AUTHOR = {Ziegler, Gerhard},
	YEAR = {2008},
	TITLE = {Digitaler Distanzschutz - Grundlagen und Anwendung},
	EDITION = {2. vollst. ueberarb. u. erw. Auflage},
	ISBN = {978-3-895-78320-3},
	ADDRESS = {New York},
}

@misc{hybrid-ltg,
	title = "Optimierung der automatischen Wiedereinschaltung und
hochgenaue Fehlerortung auf kritischen
Hochspannungsstrecken",
	howpublished = "8. FNN-ETG-Tutorial Schutz-und-Leittechnik 2014",
	author = "J. Meyer AND R. Luxenburger AND P. Stachel AND P. Schegner AND L. Philippot"

}

@misc{ieee-comtrade,
	title = "C37.111-1999  -  IEEE Standard Common Format for Transient Data Exchange (COMTRADE) for Power Systems",
	howpublished = "\url{http://ieeexplore.ieee.org/servlet/opac?punumber=6491}",
	note = "[Online; abgerufen am 23.08.2016]"

}

@misc{netomac-hilfe,
	title = "PSS NETOMAC Hilfe",
}

@misc{artes-brochuere,
	title = "Broschüre ARTES 460/560",
	howpublished = "\url{http://www.kocos.com/fileadmin/download/ARTES/Brochure/GER/BR_ARTES_460_560_201604_AG_GER.pdf}",
	note = "[Online; abgerufen am 23.08.2016]"

}

@misc{abschlussbericht-trier,
	title = "Technischer Bericht - Netzstörung mit Versorgungsunterbrechung am 2. September 2004",
	howpublished = "\url{http://amprion.net/sites/default/files/pdf/abschlussbericht-dl.pdf}",
	note = "[Online; abgerufen am 25.08.2016]"

}

@misc{siemens-sigra,
	title = "Sigra 4 - Siemens",
	howpublished = "\url{http://w3.siemens.com/smartgrid/global/en/products-systems-solutions/protection/engineering-evaluation-diagnostic-software/pages/sigra-4.aspx}",
	note = "[Online; abgerufen am 26.08.2016]"
}

@misc{kocos-transig,
	title = "TRANSIG-Monitor - Kocos",
	howpublished = "\url{http://www.kocos.com/de/products-solutions/electrical-measurement/automatic-relay-test-systems/artes-test-monitors/transig-monitor/}",
	note = "[Online; abgerufen am 26.08.2016]"
}

@misc{omicron-transview,
	title = "TransView - OMICRON",
	howpublished = "\url{https://www.omicronenergy.com/de/products/all/secondary-testing-calibration/transview/}",
	note = "[Online; abgerufen am 26.08.2016]"
}

@conference{phasenschieber-biblis,
	title = "Umbau des elektrischen Blockschutz im
KW Biblis, Block-A auf Phasenschieberbetrieb",
	author = "Uwe Hötzel",
}

@misc{praktikum-anleitung,
	title = "Praktikum Elektrische Netze - ENE 3 Kurzschlussstromberechnung in elektrischen Netzen"
}
